<?xml version="1.0" encoding="UTF-8"?>
<record xmlns="http://www.loc.gov/MARC21/slim" xmlns:xsi="http://www.w3.org/2001/XMLSchema-instance" xsi:schemaLocation="http://www.loc.gov/MARC21/slim http://www.loc.gov/standards/marcxml/schema/MARC21slim.xsd">
<leader>     nam a2200361 a 4500</leader>
<controlfield tag="001">001689281</controlfield>
<controlfield tag="003">NNU</controlfield>
<controlfield tag="005">20061010170928.0</controlfield>
<controlfield tag="008">001214s1903    ua            000 0 ara d</controlfield>
<datafield tag="035" ind1="9" ind2=" ">
<subfield code="a">NYUb12233637</subfield>
</datafield>
<datafield tag="035" ind1=" " ind2=" ">
<subfield code="a">(CStRLIN)NYUG00-B4111</subfield>
</datafield>
<datafield tag="040" ind1=" " ind2=" ">
<subfield code="a">NNU</subfield>
<subfield code="d">NNU</subfield>
</datafield>
<datafield tag="050" ind1=" " ind2="4">
<subfield code="a">BP166</subfield>
<subfield code="b">.I3n</subfield>
</datafield>
<datafield tag="066" ind1=" " ind2=" ">
<subfield code="c">(3</subfield>
</datafield>
<datafield tag="090" ind1=" " ind2=" ">
<subfield code="a">BP166</subfield>
<subfield code="b">.I3n</subfield>
</datafield>
<datafield tag="100" ind1="1" ind2=" ">
<subfield code="a">Ibn Taymīyah, Aḥmad ibn ʻAbd al-Ḥalīm,</subfield>
<subfield code="d">1263-1328</subfield>
<subfield code="6">880-01</subfield>
</datafield>
<datafield tag="240" ind1="1" ind2="0">
<subfield code="6">880-02</subfield>
<subfield code="a">Minhāj al-Sunnah al-Nabawīyah fī naqḍ kalām al-Shīʻah wa-al-Qadarīyah</subfield>
</datafield>
<datafield tag="245" ind1="1" ind2="0">
<subfield code="6">880-03</subfield>
<subfield code="a">Kitāb Minhāj al-Sunnah al-Nabawīyah fī naqḍ kalām al-Shīʻah wa-al-Qadarīyah /</subfield>
<subfield code="c">taṣnīf Abī al-ʻAbbās Taqī al-Dīn Aḥmad ibn ʻAbd al-Ḥalīm al-shahīr bi-Ibn Taymīyah al-Ḥarrānī al-Dimashqī al-Ḥanbalī. Wa-bi-hāmishihi al-kitāb al-musammá Bayān muwāfaqah ṣarīḥ al-maʻqūl li-ṣaḥīḥ al-manqūl / lil- muʼallaf al-madhkūr.</subfield>
</datafield>
<datafield tag="260" ind1=" " ind2=" ">
<subfield code="6">880-04</subfield>
<subfield code="a">Miṣr :</subfield>
<subfield code="b">al-Maṭbaʻat al-Kubrá al-Amīrīyah,</subfield>
<subfield code="c">1321 [1903 or 1904]</subfield>
</datafield>
<datafield tag="300" ind1=" " ind2=" ">
<subfield code="a">4 v. in 2 ;</subfield>
<subfield code="c">29 cm.</subfield>
</datafield>
<datafield tag="500" ind1=" " ind2=" ">
<subfield code="a">A refutation of Ibn al-Muṭahhar's Minhāj al-karāmah.</subfield>
</datafield>
<datafield tag="600" ind1="1" ind2="0">
<subfield code="a">Ibn al-Muṭahhar al-Ḥillī, al-Ḥasan ibn Yūsuf,</subfield>
<subfield code="d">1250-1325.</subfield>
<subfield code="t">Minhāj al-karāmah fī maʻrifat al-imāmah</subfield>
<subfield code="6">880-05</subfield>
</datafield>
<datafield tag="650" ind1=" " ind2="0">
<subfield code="a">Islam</subfield>
<subfield code="x">Doctrines.</subfield>
</datafield>
<datafield tag="650" ind1=" " ind2="0">
<subfield code="a">Hanbalites.</subfield>
</datafield>
<datafield tag="700" ind1="1" ind2="2">
<subfield code="a">Ibn Taymīyah, Aḥmad ibn ʻAbd al-Ḥalīm,</subfield>
<subfield code="d">1263-1328</subfield>
<subfield code="6">880-06</subfield>
<subfield code="t">Bayān muwāfaqat ṣarīḥ al-maʻqūl li-ṣaḥīḥ al-manqūl.</subfield>
<subfield code="f">1903.</subfield>
</datafield>
<datafield tag="740" ind1="0" ind2=" ">
<subfield code="6">880-07</subfield>
<subfield code="a">Bayān muwāfaqat ṣarīḥ al-maʻqūl li-ṣaḥīḥ al-manqūl.</subfield>
</datafield>
<datafield tag="880" ind1="1" ind2=" ">
<subfield code="6">100-01/</subfield>
<subfield code="a">ابن تيمية، أحمد بن عبد الحليم.</subfield>
</datafield>
<datafield tag="880" ind1="1" ind2="0">
<subfield code="6">240-02/</subfield>
<subfield code="a">منهاج السنة النبوية في نقض كلام الشيعة والقدرية</subfield>
</datafield>
<datafield tag="880" ind1="1" ind2="0">
<subfield code="6">245-03/</subfield>
<subfield code="a">كتاب منهاج السنة النبوية في نقض كلام الشيعة والقدرية /</subfield>
<subfield code="c">تصنيف أبي العباس تقي الدين أحمد بن عبد الحليم الشهير بابن تيمية الحراني الدمشقي الحنبلي. وبهامشه الكتاب المسمى بيان موافقة صريح المعقول لصحسح المنقول / للمؤلف المذكور.</subfield>
</datafield>
<datafield tag="880" ind1=" " ind2=" ">
<subfield code="6">260-04/</subfield>
<subfield code="a">مصر :</subfield>
<subfield code="b">المطبعة الكبرى الأميرية،</subfield>
<subfield code="c">١٣٢١.</subfield>
</datafield>
<datafield tag="880" ind1="1" ind2="0">
<subfield code="6">600-05/</subfield>
<subfield code="a">ابن المطهر الحلي، الحسن بن يوسف.</subfield>
<subfield code="t">منهاج الكرامة في معرفة الإمامة.</subfield>
</datafield>
<datafield tag="880" ind1="1" ind2="2">
<subfield code="6">700-06/</subfield>
<subfield code="a">ابن تيمية، أحمد بن عبد الحليم.</subfield>
<subfield code="t">بيان موافقة صريح المعقول لصحيح المنقول.</subfield>
<subfield code="f">١٩٠٣.</subfield>
</datafield>
<datafield tag="880" ind1="0" ind2=" ">
<subfield code="6">740-07/</subfield>
<subfield code="a">بيان موافقة صريح المعقول لصحيح المنقول.</subfield>
</datafield>
<datafield tag="OWN" ind1=" " ind2=" ">
<subfield code="a">GENERAL</subfield>
</datafield>
<datafield tag="998" ind1=" " ind2=" ">
<subfield code="a">20001214</subfield>
<subfield code="d">20001214</subfield>
<subfield code="d">20020314</subfield>
<subfield code="n">NNU</subfield>
<subfield code="s">1</subfield>
<subfield code="t">c</subfield>
<subfield code="z">p</subfield>
</datafield>
<datafield tag="AVA" ind1=" " ind2=" ">
<subfield code="a">NYU50</subfield>
<subfield code="b">BOBST</subfield>
<subfield code="c">Main Collection</subfield>
<subfield code="d">BP166 .I3n</subfield>
<subfield code="e">unavailable</subfield>
<subfield code="t">Unavailable</subfield>
<subfield code="f">2</subfield>
<subfield code="g">2</subfield>
<subfield code="h">Y</subfield>
<subfield code="i">2</subfield>
<subfield code="j">MAIN</subfield>
<subfield code="k">0</subfield>
</datafield>
</record>
